@misc{ref_3,
  author = {BERRIMAN, Frances; RUSSEL, Alex},
  title = {{Aplicativos da Web progressivos: escapando das guias sem perder a alma}},
  howpublished = "\textbf{infrequently.org}. 15 jun. 2015. Disponível em: https://infrequently.org/2015/06/progressive-apps-escaping-tabs-without-losing-our-soul/",
  note = "Acessado em 25 abr. 2023"
}

@misc{ref_2,
  title={Introduction to Vue.js},
  author={CHAU, Guillaume; Eduardo; YOU, Evan},
  howpublished = "\textbf{Vue.js}. 15 jul. 2020. Disponível em: https://vuejs.org/guide/introduction.html",
  note = "Acessado em: 29 abr. 2023"
}

@inproceedings{ref_5,
  title={Designing Student and Lecturer Attendance System Application Using Progressive Web Apps (PWA)},
  author={DEVIANA, Hartati; DARLIES, Meiyi; LAILA, Mustaziri E.; PRATAMA,  Demby},
  booktitle={4th Forum in Research, Science, and Technology (FIRST-T1-T2-2020)},
  pages={563--567},
  organization={\textbf{Atlantis Press}. Disponível em: https://www.atlantis-press.com/proceedings/first-t1-t2-20/125952452},
  note = "Acessado em 25 abr. 2023"
}

@article{ref_4,
  title={History and development of progressive web app},
  author={DOAN, Tuan},
  note=" \textbf{THESEUS.FI}. Finlândia. 2019. Disponível em: https://www.theseus.fi/handle/10024/261397. Acessado em 25 abr .2023"
}

@misc{ref_7,
  title={Progressive Web Application versus Native Application for Flight Bookings: An Evaluation of the Advantages and Disadvantages of Native Mobile Applications and Progressive Web Applications},
  author={MARQUES, Malin Juaud Almeida},
   howpublished = "\textbf{diva-portal.org}. Suécia. 11 out. 2022. Disponível em: https://www.diva-portal.org/smash/record.jsf?dswid=-3504&pid=diva2%3A1702137&c=1&searchType=SIMPLE&language=en&query=Progressive+Web+Application+versus+Native+Application+for+Flight+Bookings&af=%5B%5D&aq=%5B%5B%5D%5D&aq2=%5B%5B%5D%5D&aqe=%5B%5D&noOfRows=50&sortOrder=author_sort_asc&sortOrder2=title_sort_asc&onlyFullText=false&sf=all",
  publisher={KTH Royal Institute of Technology},
  journal={Network},
  note = "Acessado em 08 mar. 2023"
}

@misc{ref_8,
  title={The Current State of Progressive Web Apps: A study on the performance, compatibility, consistency, security and privacy, and user and business impact of progressive web apps},
  author={RENSENA, Dirk-Jan},
  howpublished = "\textbf{diva-portal.org}. 15 jul. 2020. Disponível em: https://www.diva-portal.org/smash/record.jsf?pid=diva2%3A1449286&dswid=4084",
  note = "Acessado em 27 fev. 2023"
}

@article{ref_1,
  title={Evaluating progressive web app accessibility for people with disabilities.},
  author={ROUMELIOTIS, Konstantinos I.; TSEKILAS, Nikolaos D.},
  journal={Network},
  volume={2},
  number={2},
  pages={350--369},
  year={2022},
  publisher={MDPI},
  note = "{\textbf{MDPI}. Grécia. 8 jun. 2022. Disponível em: https://www.mdpi.com/2673-8732/2/2/22}. Acessado em 27 fev. 2023"
}

@article{ref_6,
  title={Evaluation of Progressive Web Application to develop an Offline-First Task Management App},
  author={TAMIRE, Workneh and others},
  year={2019},
  note=" \textbf{aaltodoc.aalto.fi}. 16 dez. 2019. Disponível em: https://aaltodoc.aalto.fi/handle/123456789/41619. Acessado em: 09 mai. 2023"
}