@book{kapp2012gamification,
  title={The gamification of learning and instruction: game-based methods and strategies for training and education},
  author={Kapp, Karl M},
  year={2012},
  publisher={John Wiley \& Sons}
}

@inproceedings{li2012gamicad,
  title={GamiCAD: a gamified tutorial system for first time autocad users},
  author={Li, Wei and Grossman, Tovi and Fitzmaurice, George},
  booktitle={Proceedings of the 25th annual ACM symposium on User interface software and technology},
  pages={103--112},
  year={2012}
}

@article{schmitz2012effects,
  title={Effects of mobile gaming patterns on learning outcomes: A literature review},
  author={Schmitz, Birgit and Klemke, Roland and Specht, Marcus},
  journal={International Journal of Technology Enhanced Learning},
  volume={4},
  number={5-6},
  pages={345--358},
  year={2012},
  publisher={Inderscience Publishers}
}

@book{marczewski2013gamification,
  title={Gamification: a simple introduction},
  author={Marczewski, Andrzej},
  year={2013},
  publisher={Andrzej Marczewski}
}

@inproceedings{hamari2014does,
  title={Does gamification work?--a literature review of empirical studies on gamification},
  author={Hamari, Juho and Koivisto, Jonna and Sarsa, Harri},
  booktitle={2014 47th Hawaii international conference on system sciences},
  pages={3025--3034},
  year={2014},
  organization={Ieee}
}

@article{dicheva2015gamification,
  title={Gamification in education: A systematic mapping study},
  author={Dicheva, Darina and Dichev, Christo and Agre, Gennady and Angelova, Galia},
  journal={Journal of educational technology \& society},
  volume={18},
  number={3},
  pages={75--88},
  year={2015},
  publisher={JSTOR}
}

@book{busarello2016gamification,
  title={Gamification: princ{\'\i}pios e estrat{\'e}gias},
  author={Busarello, Raul In{\'a}cio},
  year={2016},
  publisher={Pimenta Cultural}
}

@article{clementi2014diretrizes,
  title={Diretrizes motivacionais para as comunidades de pr{\'a}tica baseadas na gamifica{\c{c}}{\~a}o},
  author={Clementi, Juliana Augusto and others},
  year={2014}
}

@online{ludospro,
  author={Ludos Pro},
  title={Gamificação: o que é e quais os benefícios na aprendizagem?},
  year={2023},
  url={https://www.ludospro.com.br/blog/o-que-e-gamificacao}
}

@book{zichermann2011gamification,
  title={Gamification by design: Implementing game mechanics in web and mobile apps},
  author={Zichermann, Gabe and Cunningham, Christopher},
  year={2011},
  publisher={" O'Reilly Media, Inc."}
}

@book{pressman2015engenharia,
  title={Engenharia de software: uma abordagem profissional},
  author={PRESSMAN, Roger S},
  year={2015},
  publisher={Porto Alegre:[sn]}
}

@book{somerville2003engenharia,
  title={Engenharia de software},
  author={Somerville, Ian},
  year={2016}
}

@article{TuncelAyva2010,
  title = {The utilization of comics in the teaching of the “human rights” concept},
  author = {Tuncel, Gül and Ayva, Özge},
  journal = {Procedia Social and Behavioral Sciences},
  volume = {2},
  pages = {1447--1451},
  year = {2010},
  issn = {1877-0428},
  publisher = {Elsevier Ltd},
  doi = {10.1016/j.sbspro.2010.03.216}
}


