@article{sistemas,
  title={Sistemas de informa{\c{c}}{\~a}o gerenciais. 5{\textordfeminine} Edi{\c{c}}{\~a}o},
  author={Laudon, Kenneth C and Laudon, Jane P},
  year={2014},
  publisher={S{\~a}o Paulo: Pearson}
}

@book{administracao,
  title={Administra{\c{c}}{\~a}o de Sistemas de Informa{\c{c}}{\~a}o},
  author={O'Brien, J.A. and Marakas, G.M.},
  isbn={9788580551112},
  url={https://books.google.com.br/books?id=qodDfhr_zW0C},
  year={2012},
  publisher={AMGH}
}

@phdthesis{arquitetura,
title={Vis{\~o}es em arquitetura de software (Tese PhD)},
author={Varoto, Ane Cristina},
year={2002},
school={Universidade de S{\~a}o Paulo}
}

@misc{costa,
  author = {Costa, Breno},
  title = {{SIGALab: Sistema de informação gerencial acadêmico para reservas de laboratórios}},
  howpublished = "\url{https://www.devmedia.com.br/arquitetura-de-software-desenvolvimento-orientado-para-arquitetura/8033}",
  year = {2018}, 
  note = "[Online; acessado em 25 abr. 2023]"
}

@misc{tofolo,
  author = {Tofolo, Edson},
  title = {{Sistema para gerenciamento de salas de apoio e laboratórios didáticos}},
  howpublished = "\url{http://repositorio.utfpr.edu.br/jspui/handle/1/15499}",
  year = {2015}, 
  note = "[Online; acessado em 06 set. 2023]"
}

@article{Loh,
  title={31 tipos de sistemas de informação - 31 maneiras de a tecnologia da
informação ajudar as organizações},
  author={Loh, Stanley},
  isbn={9788591668304},
  url={https://www.intext.com.br/31-tipos-stanley-loh.pdf},
  year={2014},
  publisher={Stanley Loh}
}

@misc{souto,
  author = {Souto, Mario},
  title = {{Front-end, Back-end e Full Stack}},
  howpublished = "\url{https://www.alura.com.br/artigos/o-que-e-front-end-e-back-end}",
  year = {2023}, 
  note = "[Online; acessado em 06 set. 2023]"
}

@misc{kriger,
  author = {Kriger, Brunno},
  title = {{Front end entenda o que é, para que serve, como aprender essa especialidade!}},
  howpublished = "\url{https://kenzie.com.br/blog/front-end/}",
  year = {2023}, 
  note = "[Online; acessado em 06 set. 2023]"
}

@misc{clark,
  author = {Clark, Mariana},
  title = {{O que é um backend?}},
  howpublished = "\url{https://blog.back4app.com/pt/o-que-e-um-backend/}",
  year = {2023}, 
  note = "[Online; acessado em 06 set. 2023]"
}

@book{docker,
  title={{Docker para desenvolvedores}},
  author={Gomes, Rafael},
  url={https://d1wqtxts1xzle7.cloudfront.net/63847569/dockerparadesenvolvedores20200706-25292-7kn1oa-libre.pdf?1594082301=&response-content-disposition=inline%3B+filename%3DDocker_para_desenvolvedores.pdf&Expires=1700703207&Signature=fLiBDAjfTchaYsPFnrRP9kQk7loBrNOIxZCLqT2GzWh2oNnOILLIykmLuZcAzLesom9vDarPXGlfo93eGJ3dDMZX5pPuhFX47Fnn0jKcZi3uRS6Tfu1Rkvu-vQso16rIQqt3T5SnfSURVWcbH5~nO4JGKvzDQaeSjw1~18uSiH93PlntCgH5TFoUGOu~iqBMMROgow7qKMbRQLjp0OS87KCzSADroZ26D8vka1I9yOHyHEssxx7dWZE6QL-8JZ0NM8syZ60ZZQ2MpLTP1wtRC-HgCPkq2KYXq~uZlTmE-VHGTRFBqFREAiRVIMRO15io7eh~uNTi~0CJtqJgu4K6~A__&Key-Pair-Id=APKAJLOHF5GGSLRBV4ZA},
  year={2019},
  publisher={Leanpub}
}
