@misc{ref_1,
  author = {Statista},
  title = {{Cross-platform mobile frameworks used by software developers worldwide from 2019 to 2021}},
  howpublished = "\url{https://x.gd/HBTnY}",
  year = {2022}, 
  note = "[Online (Statista); acessado em 16 de março 2023]"
}

@misc{ref_2,
  author = {Correio do Povo, Correio},
  title = {{Mais de 155 milhões de brasileiros possuem celular para uso pessoal, aponta IBGE}},
  howpublished = "\url{https://x.gd/O9AZ0}",
  year = {2022}, 
  note = "[Online (Correio do Povo); acessado em 18 de março 2023]"
}

@misc{ref_3,
  author = {Pignati, Gioavana},
  title = {{Demanda por desenvolvedor mobile cresce 600% em 2021}},
  howpublished = "\url{https://x.gd/k8o2x}",
  year = {2021}, 
  note = "[Online (Tecmundo); acessado em 14 de março 2023]"
}

@article{ref_4,
  title={Foundations for the study of software architecture},
  author={Perry, Dewayne E and Wolf, Alexander L},
  journal={ACM SIGSOFT Software engineering notes},
  volume={17},
  number={4},
  pages={40--52},
  year={1992},
  publisher={ACM New York, NY, USA}
}

@misc{ref_5,
  author = {Warren, Christina},
  title = {{Zuckerberg's Biggest Mistake? 'Betting on HTML5'. Mashable}},
  howpublished = "\url{https://mashable.com/archive/html5-biggest-mistake}",
  year = {2012}, 
  note = "[Online (Mashable); acessado em 16 de março de 2023]"
}

@article{ref_6,
  title={React Native vs Flutter, Cross-platforms mobile application frameworks},
  author={Wu, Wenhao},
  year={2018},
  publisher={Metropolia Ammattikorkeakoulu}
}

@misc{ref_7,
  title={Performance comparison between react native and flutter},
  author={Jagiello, Jakub},
  year={2019}
}

@article{ref_8,
  title={Uma an{\'a}lise comparativa entre flutter e react native como frameworks para desenvolvimento h{\'\i}brido de aplicativos mobile: Estudo de caso visando produtividade},
  author={Neves, Jonathan and Junior, Vilmar Mendes},
  journal={Ci{\^e}ncia da Computa{\c{c}}{\~a}o-Tubar{\~a}o},
  year={2020}
}

@article{ref_9,
  title={Flutter e react native: uma an{\'a}lise comparativa entre dois frameworks de desenvolvimento mobile multiplataforma},
  author={Freitas, Breno Coll de},
  year={2022},
  publisher={Universidade Federal do Rio de Janeiro}
}

@article{ref_10,
  title={FLUTTER UM FRAMEWORK PARA DESENVOLVIMENTO MOBILE},
  author={Rissi, Matheus and Dallilo, Felipe Diniz},
  journal={RECIMA21-Revista Cient{\'\i}fica Multidisciplinar-ISSN 2675-6218},
  volume={3},
  number={11},
  pages={e3112230--e3112230},
  year={2022}
}

@article{ref_11,
  title={React Native: A Native Code Integration Perspective},
  author={Balogun, Nathan Ogechukwu Onaopemipo},
  year={2023}
}